<?xml version="1.0" encoding="UTF-8"?><collection xmlns="http://www.loc.gov/MARC21/slim"><record><leader>00478nam--2200169-u-4500</leader><controlfield tag="001">000054781</controlfield><controlfield tag="002">20161230</controlfield><controlfield tag="005">20161230201051</controlfield><controlfield tag="008">120611s1000------------r-----000-0-eng-d</controlfield><datafield ind1=" " ind2=" " tag="040"><subfield code="a">IFIN-HH</subfield></datafield><datafield ind1=" " ind2=" " tag="080"><subfield code="a">539.171.12(043)</subfield></datafield><datafield ind1="1" ind2=" " tag="100"><subfield code="a">Hagberg, Eskil</subfield></datafield><datafield ind1="1" ind2="0" tag="245"><subfield code="a">Studies of proton-nucleus scattering and related instrumentation problems</subfield><subfield code="b">Thesis</subfield><subfield code="c">Eskil hagberg</subfield></datafield><datafield ind1=" " ind2=" " tag="260"><subfield code="a">Uppsala</subfield><subfield code="b">University</subfield><subfield code="c">1973</subfield></datafield><datafield ind1=" " ind2=" " tag="300"><subfield code="a">5P</subfield></datafield><datafield ind1=" " ind2=" " tag="852"><subfield code="a">40270</subfield><subfield code="c">539.17</subfield></datafield><datafield ind1=" " ind2=" " tag="CAT"><subfield code="a">Sys</subfield><subfield code="c">20120611</subfield><subfield code="h">122109</subfield></datafield></record></collection>